@misc{AudioAccessibility,
  author       = {Sveta},
  title        = {How to Add GOOD Quality Captions to Videos in YouTube, Vimeo, Facebook},
  day          = {1},
  month        = {March},
  year         = {2017},
  url          = {https://audio-accessibility.com/news/2017/03/add-good-quality-captions-videos-youtube-vimeo-facebook/},
  note = {(Accessed on 25/05/2020)}
}

@misc{TheAtlantic,
  author       = {Linda Besner},
  title        = {When Is A Caption Close Enough?},
  day          = {9},
  month        = {August},
  year         = {2019},
  url          = {https://www.theatlantic.com/health/archive/2019/08/youtube-captions/595831/},
  note = {(Accessed on 25/05/2020)}
}

@misc{DCMP,
  author       = {National Association of the Deaf},
  title        = {Captioning Key},
  url          = {https://dcmp.org/learn/captioningkey},
  note = {(Accessed on 25/05/2020)}
}

@misc{ReelWords,
  author       = {Vanessa Wells},
  title        = {REEL WORDS Subtitles and Caption Editing: Reel in the Audience},
  url          = {https://reelwords.ca/},
  note = {(Accessed on 25/05/2020)}
}

@online{A11yNYC,
  author       = {Mirabai Knight},
  title        = {A11yNYC Mar 5 2019 - Why Human Captioning? - Mirabai Knight},
  organization = {YouTube},
  day          = {5},
  month        = {March},
  year         = {2019},
  url          = {https://www.youtube.com/watch?v=XKe1O7ppyqQ}
}

@misc{Wired,
  author       = {Emma Grey Ellis},
  title        = {The Problem With YouTube's Terrible Closed ‘Craptions’},
  day          = {1},
  month        = {October},
  year         = {2019},
  url          = {https://www.wired.com/story/problem-with-youtubes-terrible-closed-craptions/},
  note = {(Accessed on 25/05/2020)}
}

@online{AngryDeafPeople,
  author       = {Angry Deaf People Productions},
  title        = {HOW TO CAPTION YOUR MOVIE | Moment Invitational Film Festival 2020 Submission},
  organization = {YouTube},
  day          = {17},
  month        = {March},
  year         = {2020},
  url          = {https://www.youtube.com/watch?v=SnyQzBJU5fM}
}

@misc{USATLASAnnualMeeting2019,
  title= {US ATLAS Physics Workshop 2019},
  month = {July},
  year = {2019},
  note= {Held at UMass Amherst},
  url= {https://indico.cern.ch/event/813855/},
}

@misc{USATLASChecklist,
  title= {US ATLAS Annual Meeting Checklist},
  author = {US ATLAS Diversity & Inclusion Committee},
  month = {July},
  year = {2019},
  note= {2019 Annual US ATLAS Meeting at UMass Amherst},
  url= {https://indico.cern.ch/event/813855/contributions/3503038/},
}


@article{HowDiversityWorks,
  author = {Phillips, Katherine},
  year = {2014},
  month = {10},
  pages = {42-7},
  title = {How Diversity Works},
  volume = {311},
  journal = {Scientific American},
  doi = {10.1038/scientificamerican1014-42}
}

@Book{504,
  author={United States. Department of Health, Education and for Civil Rights, Welfare. Office},
  title={Section 504 of the Rehabilitation act of 1973 : fact sheet : handicapped persons rights under Federal law},
  year={1978},
  publisher={Washington : Dept. of Health, Education, and Welfare, Office of the Secretary, Office for Civil Rights, 1978.},
  abstract={11 unnumbered page ; 21 x 10 cm},
  note={March 1978.},
  url={https://search.library.wisc.edu/catalog/999644580102121}
}


@Book{ADA1991,
  author={U.S. Department of Justice, Civil Rights Division},
  title={Americans with Disabilities Act of 1990},
  year={[1991]},
  publisher={[Washington, D.C.] : U.S. Dept. of Justice, Civil Rights Division},
  note={Pub. L. No. 101-336 § 2, 104 Stat. 328},
  url={https://www.ada.gov/}
}

@inproceedings{chua2017behind,
  title={A behind-the-scenes look at access setup: A case study of the deaf professional/designated interpreter model in engineering education research},
  author={Chua, Mel and Ray, Brittany and Stein, Lynn Andrea},
  booktitle={2017 IEEE Frontiers in Education Conference (FIE)},
  pages={1--9},
  year={2017},
  organization={IEEE}
}

@misc{CERNCoC,
  title = {CERN Code of Conduct},
  author = {CERN},
  url = {http://legal.web.cern.ch/ethics/cern-code-conduct},
  note = {(Accessed on 25/05/2020)}
}
